@book{Burch2002,
	title = {Logisim: A graphical system for logic circuit design and simulation},
	author = {Burch, C.},
	journal = {Journal of Educational Resources in Computing},
	publisher = {Association of Computing Machinery},
	year = {2002},
	doi = {10.1145/545197.545199}
}

@book{HarrisHarris2021,
	title = {Digital design and computer architecture: RISC-V edition},
	author = {Harris, S. L. and Harris, D.},
	publisher = {Morgan-Kaufmann},
	year = {2021},
	doi = {10.1016/C2019-0-00213-0}
}

@book{RothKinney2014,
	title = {Fundamentals of logic design},
	author = {Roth, Jr., C. H. and Kinney, L. L.},
	edition = {7},
	publisher = {Cengage Learning},
	year = {2014},
	pages = {103-104, 141-145}
}